{
  "marc21_record": {
    "leader": "         a22        4500",
    "fields": [
      {
        "tag": "001",
        "data": "YD2600038"
      },
      {
        "tag": "005",
        "data": "20260618065705.0"
      },
      {
        "tag": "008",
        "data": "260618s2012    vm                  vie d"
      },
      {
        "tag": "040",
        "ind1": " ",
        "ind2": " ",
        "subfields": [
          {
            "code": "a",
            "value": "DHYD"
          },
          {
            "code": "b",
            "value": "vie"
          },
          {
            "code": "c",
            "value": "DHYD"
          },
          {
            "code": "e",
            "value": "AACR2"
          }
        ]
      },
      {
        "tag": "041",
        "ind1": "0",
        "ind2": " ",
        "subfields": [
          {
            "code": "a",
            "value": "vie"
          }
        ]
      },
      {
        "tag": "050",
        "ind1": " ",
        "ind2": "0",
        "subfields": [
          {
            "code": "a",
            "value": "KKI"
          }
        ]
      },
      {
        "tag": "060",
        "ind1": " ",
        "ind2": " ",
        "subfields": [
          {
            "code": "a",
            "value": "WF 310"
          }
        ]
      },
      {
        "tag": "110",
        "ind1": "2",
        "ind2": " ",
        "subfields": [
          {
            "code": "a",
            "value": "HỘI VĂN NGHỆ DÂN GIAN VIỆT NAM."
          }
        ]
      },
      {
        "tag": "245",
        "ind1": "0",
        "ind2": "0",
        "subfields": [
          {
            "code": "a",
            "value": "NGHỀ CỔ TRUYỀN."
          }
        ]
      },
      {
        "tag": "260",
        "ind1": " ",
        "ind2": " ",
        "subfields": [
          {
            "code": "b",
            "value": "NHÀ XUẤT BẢN THỜI ĐẠI"
          },
          {
            "code": "c",
            "value": "2012"
          }
        ]
      },
      {
        "tag": "500",
        "ind1": " ",
        "ind2": " ",
        "subfields": [
          {
            "code": "a",
            "value": "THƯ VIỆN TỈNH TRÀ VINH."
          }
        ]
      },
      {
        "tag": "500",
        "ind1": " ",
        "ind2": " ",
        "subfields": [
          {
            "code": "a",
            "value": "SÁCH PHÒNG MƯỢN."
          }
        ]
      },
      {
        "tag": "500",
        "ind1": " ",
        "ind2": " ",
        "subfields": [
          {
            "code": "a",
            "value": "NGH250e."
          }
        ]
      },
      {
        "tag": "500",
        "ind1": " ",
        "ind2": " ",
        "subfields": [
          {
            "code": "a",
            "value": "067152."
          }
        ]
      },
      {
        "tag": "852",
        "ind1": " ",
        "ind2": " ",
        "subfields": [
          {
            "code": "k",
            "value": "680"
          }
        ]
      },
      {
        "tag": "927",
        "ind1": " ",
        "ind2": " ",
        "subfields": [
          "CK"
        ]
      }
    ]
  },
  "ai_evaluation_metrics": {}
}